=LDR  02622 km a22005537a 4500
=001  017216271
=003  Uk
=005  20040325113153.0
=006  m\\\\\\\\c\f\\\\\\
=007  kz\czz
=008  011002s2001\\\\mau---\\\\\\\fs\\\ineng\d
=FMT  \\$a  VM
=035  \\$a(OCoLC)ocm48068631
=040  \\$aGIS$beng$cGIS$dDNU$dOCLCQ$dAGL$dOCLCQ$dGPO$dMvI$dUk
=070  0\$aQH90.8.B46$bS43 2001
=072  \0$aM400
=072  \0$aM300
=074  \\$a0624-H
=074  \\$a0624-H (online)
=086  0\$aI 19.76:01-154
=245  00$aSea-floor photography from the Continental Margin Program$h[electronic resource] :$ba pictorial survey of benthic character and habitats along the U.S. East Coast /$cby V.F. Paskevich ... [et al.] ; in cooperation with the Woods Hole Oceanographic Institution.
=246  3\$aSea floor photography from the Continental Margin Program
=260  \\$aWoods Hole, MA :$bU.S. Geological Survey, Coastal and Marine Geology Program, Woods Hole Field Center,$c2001.
=300  \\$a1 online resource
=336  \\$astill image$2rdacontent
=337  \\$acomputer$2rdamedia
=338  \\$aonline resource$2rdacarrier
=490  1\$aU.S. Geological Survey open-file report ;$v01-154
=500  \\$aTitle from container insert.
=500  \\$aShipping list no.: 2001-0048-E.
=520  \\$a"CD contains 466 historical bottom photographs collected as part of the Continental Margin Program ... archived and released here in a gallery"--Container back insert.
=530  \\$aAlso available via Internet from USGS Web site. Address as of 3/25/04: http://pubs.usgs.gov/of/of-154; current access is available via PURL.
=538  \\$aSystem requirements: Any computing platform that has appropriate CD-ROM driver software installed.
=650  \0$aOcean bottom$zAtlantic Coast (U.S.)$xSampling.
=650  \0$aBenthos$zAtlantic Coast (U.S.)$vPictorial works.
=650  \0$aDredging$zAtlantic Coast (U.S.)$vPictorial works.
=650  \0$aPhotography$xScientific applications$zAtlantic Coast (U.S.)
=700  1\$aPaskevich, Valerie F.
=710  2\$aGeological Survey (U.S.)
=710  2\$aCoastal and Marine Geology Program (Geological Survey)
=710  2\$aWoods Hole Oceanographic Institution.
=830  \0$aU.S. Geological Survey open-file report ;$v01-154.
=856  40$uhttp://purl.access.gpo.gov/GPO/LPS46298$yUS Federal Government Document
=859  \\$aXLD$bMarcive
=852  41$aBritish Library$bHMNTS$jSPR.CD.AS.539
=CAT  \\$aBATCH-DWS$b00$c20150510$lBLL01$h1020
=CAT  \\$aW1606-1753$c20171028$lBLL01$h1611
=SRC  \\$aMarcive
=LAS  \\$aW1606-1753$b00$c20171028$lBLL01$h1611

