=LDR  01628cam a22004335a 4500
=001  017239924
=003  Uk
=005  20211220180040.0
=006  m\\\\||\\d\|\\\\\\
=007  cr\|||||||||||
=008  040601s2002\\\\mdu\\\\\ob\\\f000\0\eng\d
=FMT  \\$a  BK
=035  \\$a(OCoLC)ocm55519115
=040  \\$aGPO$beng$cGPO$dMvI$dUk
=074  \\$a0830-I (online)
=086  0\$aNAS 1.83:2004021456
=245  00$aSolar radiation and climate experiment (SORCE).
=246  1\$iTitle on HTML header:$aEarth observatory
=264  \1$a[Greenbelt, Md.] :$b[Goddard Space Flight Center],$c[2002?]
=300  \\$a1 online resource
=336  \\$atext$2rdacontent
=337  \\$acomputer$2rdamedia
=338  \\$aonline resource$2rdacarrier
=500  \\$aTitle from title screen (viewed on May 24, 2004).
=504  \\$aIncludes bibliographical references.
=538  \\$aMode of access: Internet from the NASA Web site. Address as of 05/24/04: http://earthobservatory.nasa.gov/Library/SORCE/; current access is available via PURL.
=610  20$aGoddard Space Flight Center.
=650  \0$aSolar radiation$xMeasurement.
=650  \0$aArtificial satellites$zSun.
=710  2\$aGoddard Space Flight Center.
=856  40$uhttps://purl.fdlp.gov/GPO/LPS49338$yUS Federal Government Document
=859  \\$aXLD$bMarcive
=852  41$aBritish Library$bHMNTS$jSPR CD AS 824
=CAT  \\$aBATCH-DWS$b00$c20150510$lBLL01$h1024
=CAT  \\$aW1606-1753$c20171028$lBLL01$h2311
=CAT  \\$aBATCH-DWS$b00$c20211220$lBLL01$h1800
=CAT  \\$aBATCH$b00$c20211220$lBLL01$h1801
=SRC  \\$aMarcive
=LAS  \\$aBATCH$b00$c20211220$lBLL01$h1801

