=LDR  02205 am a22005415a 4500
=001  017304346
=003  Uk
=005  20210220180234.0
=006  m\\\\||\\d\|\\\\\\
=007  cr\|||||||||||
=008  101112s1996\\\\mdua\\\\o\\\\f000\0\eng\c
=FMT  \\$a  BK
=035  \\$a(OCoLC)ocn681004464
=040  \\$aOCLCE$beng$cOCLCE$dOCLCQ$dGPO$dMvI$dUk
=042  \\$adlr
=043  \\$an-us---
=074  \\$a0208-C-04 (online)
=086  0\$aC 55.13/2:NMFS-F/SPO-18
=245  00$aBaird's legacy :$bthe history and accomplishments of NOAA's National Marine Fisheries Service, 1871-1996 /$cW.L. Hobart, editor.
=246  30$aHistory and accomplishments of NOAA's National Marine Fisheries Service, 1871-1996
=264  \1$a[Silver Spring, Md.] :$bU.S. Dept. of Commerce, National Oceanic and Atmospheric Administration, National Marine Fisheries Service,$c[1996]
=300  \\$a1 online resource
=336  \\$atext$2rdacontent
=337  \\$acomputer$2rdamedia
=338  \\$aonline resource$2rdacarrier
=490  1\$aNOAA technical memorandum NMFS-F/SPO ;$v18
=500  \\$aTitle from title screen (viewed on Dec. 28, 2011).
=500  \\$a"June 1996."
=600  10$aBaird, Spencer Fullerton,$d1823-1887.
=610  20$aUnited States Fish Commission$xHistory.
=610  10$aUnited States.$bBureau of Fisheries$xHistory.
=610  20$aU.S. Fish and Wildlife Service$xHistory.
=610  10$aUnited States.$bBureau of Commercial Fisheries$xHistory.
=610  10$aUnited States.$bNational Marine Fisheries Service$xHistory.
=650  \0$aFisheries$zUnited States$xHistory.
=700  1\$aHobart, W. L.
=710  1\$aUnited States.$bNational Marine Fisheries Service.
=776  08$iPrint version:$tBaird's legacy
=830  \0$aNOAA tech. memo. NMFS-F/SPO ;$v18.
=856  40$uhttps://purl.fdlp.gov/GPO/gpo16993$yUS Federal Government Document
=859  \\$aXLD$bMarcive
=852  41$aBritish Library$bHMNTS$jYF.2015.a.22969
=CAT  \\$aBATCH-DWS$b00$c20150510$lBLL01$h1033
=CAT  \\$aW1606-1753$c20171029$lBLL01$h1019
=CAT  \\$aBATCH-DWS$b00$c20210220$lBLL01$h1802
=CAT  \\$aBATCH$b00$c20210220$lBLL01$h1807
=SRC  \\$aMarcive
=LAS  \\$aBATCH$b00$c20210220$lBLL01$h1807

