=LDR  02431 am a22005895a 4500
=001  017317609
=003  Uk
=005  20210220180446.0
=006  m\\\\||\\d\|\\\\\\
=007  cr\|||||||||||
=008  111121s2005\\\\vauae\\\obt\\f000\0\eng\d
=FMT  \\$a  BK
=035  \\$a(OCoLC)ocn761695499
=040  \\$aGPO$beng$cGPO$dMvI$dUk
=043  \\$an-us---
=074  \\$a0982-G-11 (online)
=086  0\$aTD 2.30:04-082
=088  \\$aFHWA-HRT-04-082
=088  \\$aHRDS-06/3-04(1.7M)E
=245  00$aEvaluation of lane reduction "road diet" measures and their effects on crashes and injuries.
=264  \1$aMcLean, VA :$bU.S. Dept. of Transportation, Federal Highway Administration, Turner-Fairbank Highway Research Center,$c[2005]
=300  \\$a1 online resource
=336  \\$atext$2rdacontent
=337  \\$acomputer$2rdamedia
=338  \\$aonline resource$2rdacarrier
=500  \\$aTitle from PDF title screen (viewed Oct. 18, 2011).
=500  \\$aSidebar title: HSIS: Highway Safety Information System.
=500  \\$a"May 2005."
=500  \\$a"This research was conducted by Herman F. Huang, J. Richard Stewart, and Charles V. Zegeer of the University of North Carolina Highway Safety Research Center. The final report ... can be found in Transportation Research Record 1784"--P. 6.
=500  \\$a"FHWA-HRT-04-082."
=500  \\$a"HRDS-06/3-04(1.7M)E."
=504  \\$aIncludes bibliographical references (page 6).
=513  \\$aSummary report.
=650  \0$aTraffic calming$xEvaluation.
=650  \0$aTraffic accidents$xEvaluation.
=650  \0$aTraffic safety$xEvaluation.
=650  \0$aRoad markings.
=700  1\$aHuang, Herman F.
=700  1\$aStewart, J. Richard.
=700  1\$aZegeer, Charles V.
=710  2\$aTurner-Fairbank Highway Research Center.
=710  2\$aUniversity of North Carolina (System).$bHighway Safety Research Center.
=776  08$iPrint version:$tEvaluation of lane reduction "road diet" measures and their effects on crashes and injuries
=856  40$uhttps://purl.fdlp.gov/GPO/gpo14031$yUS Federal Government Document
=859  \\$aXLD$bMarcive
=852  41$aBritish Library$bHMNTS$jYF.2017.a.6115
=CAT  \\$aBATCH-DWS$b00$c20150510$lBLL01$h1035
=CAT  \\$aW1606-1753$c20171029$lBLL01$h1022
=CAT  \\$aBATCH-DWS$b00$c20210220$lBLL01$h1804
=CAT  \\$aBATCH$b00$c20210220$lBLL01$h1810
=SRC  \\$aMarcive
=LAS  \\$aBATCH$b00$c20210220$lBLL01$h1810

